@string{ NN = "Neural Network"}

@article{NNPrimer,
	author = {Caudill, Maureen},
	title = {Neural Networks Primer, Part I},
	journal = {AI Expert},
	issue_date = {Dec. 1987},
	volume = {2},
	number = {12},
	month = dec,
	year = {1987},
	issn = {0888-3785},
	pages = {46--52},
	numpages = {7},
	url = {http://dl.acm.org/citation.cfm?id=38292.38295},
	acmid = {38295},
	publisher = {Miller Freeman, Inc.},
	address = {San Francisco, CA, USA},
}

@online{EarlyNNHist,
	author = {MultiMedia LLC},
	title = {{MS Windows NT} Kernel Description},
	year = 1999,
	url = {http://web.archive.org/web/20080207010024/http://www.808multimedia.com/winnt/kernel.htm},
	urldate = {2010-09-30}
}

@book{NNMDE,
	author    = {Neha Yadav, Anupam Yadav, Manoj Kumar}, 
	title     = {An Introduction to Neural Network Methods for Differential Equations},
	publisher = {Springer Netherlands},
	year      = 2015,
	volume    = 1,
	isbn      = {978-94-017-9816-7}
}
